@inproceedings{vader,
  title={Vader: A parsimonious rule-based model for sentiment analysis of social media text},
  author={Hutto, Clayton and Gilbert, Eric},
  booktitle={Proceedings of the international AAAI conference on web and social media},
  volume={8},
  number={1},
  pages={216--225},
  year={2014}
}

@misc{reddit,
  author = {reddit},
  date = {2011},
  title = {Reddit},
  url = {http://reddit.com},
  language = {de}
}